<?xml version="1.0" encoding="UTF-8"?><collection xmlns="http://www.loc.gov/MARC21/slim"><record><leader>00574nam--2200193-i-4500</leader><controlfield tag="001">000020423</controlfield><controlfield tag="002">20161230</controlfield><controlfield tag="005">20161230201033</controlfield><controlfield tag="008">060222s1000------------r-----000-0-fre-d</controlfield><datafield ind1=" " ind2=" " tag="040"><subfield code="a">IFIN-HH</subfield></datafield><datafield ind1=" " ind2=" " tag="041"><subfield code="a">fre</subfield></datafield><datafield ind1=" " ind2=" " tag="080"><subfield code="a">535:539</subfield></datafield><datafield ind1="1" ind2=" " tag="100"><subfield code="a">Fleury, P</subfield></datafield><datafield ind1="1" ind2="0" tag="245"><subfield code="a">Physique generale et experimentale d`apres le traite de j. lemoine et a. blanc. vol. 6 . electrostatique. courants continus. magnetisme</subfield><subfield code="c">P. fleury, j.-p. mathieu</subfield></datafield><datafield ind1=" " ind2=" " tag="260"><subfield code="a">Paris</subfield><subfield code="b">Eyrolles</subfield><subfield code="c">1957</subfield></datafield><datafield ind1=" " ind2=" " tag="300"><subfield code="a">552P</subfield></datafield><datafield ind1="1" ind2=" " tag="700"><subfield code="a">Mathieu, J.-p</subfield></datafield><datafield ind1=" " ind2=" " tag="852"><subfield code="a">12729</subfield><subfield code="c">53</subfield></datafield><datafield ind1=" " ind2=" " tag="CAT"><subfield code="a">Sys</subfield><subfield code="c">20150203</subfield><subfield code="h">221616</subfield></datafield></record></collection>